@book{AuditoryNeuroscience,
    title={{A}uditory {N}euroscience - {M}aking {S}ense of {S}ound},
    author={Jan Schnupp and Israel Nelken and Andrew King},
    publisher={The MIT Press},
	year={2011}
}

@book{KiangBook,
    title={{D}ischarge {P}atterns of {S}ingle {F}ibers in the {C}at's {A}uditory {N}erve},
    author={Nelson Yuan-Sheng Kiang},
	series={M.I.T. Research Monograph},
	number={35},
    publisher={The MIT Press},
	year={1965}
}

@article{Deger,
    title={{N}onequilibrium dynamics of stochastic point process with refractoriness},
    author={Moritz Deger and Moritz Helias and Stefano Cardanobile and Fatihcan M Atay and Stefan Rotter},
	journal={Physical Review E 82},
	year={2010}
}

@article{BerryMeister,
    title={{R}efractoriness and {N}eural {P}recision},
    author={Michael J Berry and Markus Meister},
	journal={The Journal of Neuroscience 18},
	year={1998},
	pages={2200--2211}
}

@article{Model1,
    title={{A} phenomenological 
        model of the synapse between the inner hair cell and auditory nerve: {L}ong-term 
        adaptation with power-law dynamics},
    author={Muhammad S A Zilany and Ian C Bruce and Paul C Nelson and Laurel H Carney},
	journal={Journal of the Acoustical Society of America 126},
	volume={5},
	year={2009},
	pages={2390--2412}
}

@article{Model2,
    title={{R}epresentation of the vowel
        /eh/ in normal and impaired auditory nerve fibers: {M}odel predictions of
        responses in cats},
    author={Muhammad S A Zilany and Ian C Bruce},
	journal={Journal of the Acoustical Society of America 122},
	volume={1},
	year={2007},
	pages={402--407}
}		  

@article{Model3,
    title={{M}odeling auditory-nerve
        responses for high sound pressure levels in the normal and impaired
        auditory periphery},
    author={Muhammad S A Zilany and Ian C Bruce},
	journal={Journal of the Acoustical Society of America 120},
	volume={3},
	year={2006},
	pages={1446–-1466}
}

@article{Eggermont,
    title={{B}etween sound and perception: reviewing the search for a neural code},
    author={Jos J Eggermont},
	journal={Hearing Research 157},
	year={2001},
	pages={1–-42}
}

@article{Langner,
    title={{P}eriodicity coding in the auditory system},
    author={Gerald Langner},
	journal={Hearing Research 60},
	year={1992},
	pages={115–-142}
}

@article{AvissarPapier,
    title={{R}efractoriness {E}nhances {T}emporal {C}oding by {A}uditory {N}erve {F}ibers},
    author={Michael Avissar and Wittig, Jr, John H  and James C Saunders and Thomas D Parsons},
	journal={The Journal of Neuroscience 33},
	volume={18},
	year={2013},
	pages={7681--7690}
}